<?xml version="1.0" encoding="UTF-8"?><record xmlns="http://www.loc.gov/MARC21/slim" xmlns:cinclude="http://apache.org/cocoon/include/1.0" xmlns:zs="http://www.loc.gov/zing/srw/">
  <leader>00586cz  a2200145n  4500</leader>
  <controlfield tag="001">n  86028710 </controlfield>
  <controlfield tag="003">DLC</controlfield>
  <controlfield tag="005">20080320075446.0</controlfield>
  <controlfield tag="008">870316n| acannaabn          |n ana      </controlfield>
  <datafield tag="010" ind1=" " ind2=" ">
    <subfield code="a">n  86028710 </subfield>
  </datafield>
  <datafield tag="035" ind1=" " ind2=" ">
    <subfield code="a">(OCoLC)oca01809426</subfield>
  </datafield>
  <datafield tag="040" ind1=" " ind2=" ">
    <subfield code="a">DLC</subfield>
    <subfield code="b">eng</subfield>
    <subfield code="c">DLC</subfield>
    <subfield code="d">DLC</subfield>
    <subfield code="d">OCoLC</subfield>
  </datafield>
  <datafield tag="130" ind1=" " ind2="0">
    <subfield code="a">Revier</subfield>
  </datafield>
  <datafield tag="670" ind1=" " ind2=" ">
    <subfield code="a">Schaumberg, W. Kapitalistische Krise ohne soziale Gegenmacht, 1982:</subfield>
    <subfield code="b">t.p. (Zeitschrift Revier) p. 76 (Zeitung Revier; Revier; appears monthly; independent trade-union periodical; published by M. JaĚger, Revierverlag, Duisburg)</subfield>
  </datafield>
  <datafield tag="675" ind1=" " ind2=" ">
    <subfield code="a">Stamm, 1986;</subfield>
    <subfield code="a">NST, 1950-1983;</subfield>
    <subfield code="a">GDZS, 1978;</subfield>
    <subfield code="a">ULS</subfield>
  </datafield>
</record>